@book{johnbconway1978,
 Author = {John B. Conway},
 title = {Functions of One Complex Variable},
 publisher = {Springer Verlag},
 address = {New York},
 year = {1978},
 isbn = {0387903283},
 url = {https://www.xarg.org/ref/a/0387903283/},
 series = {Graduate Texts in Mathematics},
 volume = {11},
 doi = {10.1007/978-1-4612-6313-5},
 edition = {2nd}
}

@Article{Chen1996,
	author="Chen, Huaihui
	and Gauthier, Paul M.",
	title="On Bloch's constant",
	journal="Journal d'Analyse Math{\'e}matique",
	year="1996",
	day="01",
	volume="69",
	number="1",
	pages="275--291",
	abstract="The well-known lower estimate for Bloch's constantB is thatB > {\textsurd}3/4. Recently, M. Bonk has improved this estimate by showing thatB > {\textsurd}3/4 + 10-14. We give a further improvement by showing thatB â‰¥{\textsurd}3/4 + 2 {\texttimes} 10-14.",
	issn="1565-8538",
	doi="10.1007/BF02787110",
	url="https://doi.org/10.1007/BF02787110"
}

@Article{Ahlfors1937,
	author="Ahlfors, Lars V.
	and Grunsky, Helmut",
	title="{\"U}ber die Blochsche Konstante",
	journal="Mathematische Zeitschrift",
	year="1937",
	day="01",
	volume="42",
	number="1",
	pages="671--673",
	issn="1432-1823",
	doi="10.1007/BF01160101",
	url="https://doi.org/10.1007/BF01160101"
}

@Article{Xiong1998,
	author="Xiong, Chengji",
	title="Lower bound of Bloch's constant.",
	journal="Nanjing Daxue Xuebao Shuxue Bannian Kan",
	year="1998",
	volume="15",
	number="2",
	pages="174--179",
}

@book{tomapostol2010,
 Author = {Tom M. Apostol},
 title = {Introduction to Analytic Number Theory},
 description = {Introduction to Analytic Number Theory (Undergraduate Texts in Mathematics) (Book, 2010)},
 publisher = {Springer Verlag},
 series = {Undergraduate Texts in Mathematics},
 address = {New York},
 interhash = {ac789de2f82f67dbf3cf3dde3ffe95c8},
 intrahash = {ed0451e4fad4df58435ab3cdf257c59c},
 year = {2010},
 isbn = {1441928057},
 url = {https://www.xarg.org/ref/a/1441928057/}
}
